@book{Hillier.2002,
 author = {Hillier, Frederick S. and Lieberman, Gerald J.},
 year = {2002},
 title = {{O}perations {R}esearch: {E}inführung},
 keywords = {Operations Research;health sector planning, problem structuring methods, health impact assessment},
 address = {München},
 edition = {5. Aufl. (unveränd. Nachdr. der 4. Aufl.)},
 publisher = {Oldenbourg},
 isbn = {3486239872},
 series = {{I}nternationale {S}tandardlehrbücher der {W}irtschafts- und {S}ozialwissenschaften},
 note = {Kürzeste Wege in Abschnitt 10.3 ab S. 281}
}


@book{Heinrich.2007,
 author = {Heinrich, Gert},
 year = {2007},
 title = {{O}perations {R}esearch},
 price = {ca. EUR 19.80},
 keywords = {Operations Research;Operations Research / Theorie;Lehrbuch -- Textbook},
 address = {München},
 publisher = {Oldenbourg},
 isbn = {9783486583670},
 series = {{L}ehrbuch kompakt},
 note = {Dijkstra ab S. 111ff.}
}


@article{Gutierrez.2008,
 author = {Gutiérrez, Eliécer and Medaglia, Andrés L},
 year = {2008},
 title = {{L}abeling algorithm for the shortest path problem with turn prohibitions with application to large-scale road networks},
 url = {\url{http://www.springerlink.com/content/ux62418642458410/fulltext.pdf}},
 keywords = {Shortest path problem;Turn prohibitions;Combinatorial optimization;Geographic information systems (GIS);Road networks},
 volume = {157},
 number = {1},
 issn = {0254-5330},
 journal = {Annals of Operations Research},
 note = {Weiterentwicklung des Dijkstra Algorithmus für spezielle Anwendungen},
 url = {\url{http://www.springerlink.com/content/ux62418642458410/?p=e8875d3bfefb40f5ad632bb087a6c196&pi=11}}
}


@book{Neumann.2004,
 author = {Neumann, Klaus and Morlock, Martin},
 year = {2004},
 title = {{O}perations {R}esearch},
 keywords = {Operations Research;Angebotsqualität;Nicht Diss;Primales Problem, Duales Problem},
 address = {München},
 edition = {2. Aufl., [Nachdr.]},
 publisher = {Hanser},
 isbn = {3-446-22140-9},
 note = {Dijkstra Verfahren In Abschnitt 2.4.3.}
}


@book{MullerMerbach.1992.742,
 author = {Müller-Merbach, Heiner},
 year = {1992},
 title = {{O}perations-{R}esearch: {M}ethoden und {M}odelle der {O}ptimalplanung},
 keywords = {Operations Research},
 address = {München},
 edition = {3., durchges. Aufl.},
 publisher = {Vahlen},
 isbn = {3800603888},
 series = {{V}ahlens {H}andbücher der {W}irtschafts- und {S}ozialwissenschaften},
 note = {Dijkstra ab S. 242}
}


@book{Kathofer.2008.740,
 author = {Kathöfer, Ulrich and Müller-Funk, Ulrich},
 year = {2008},
 title = {{B}{W}{L}-{C}rash-{K}urs {O}perations {R}esearch},
 price = {EUR 17.90},
 keywords = {Operations Research;Lehrbuch;Graphentheorie;Mathematische Optimierung;Spieltheorie;Theorie},
 address = {Konstanz},
 edition = {2., aktualisierte Aufl.},
 volume = {2712},
 publisher = {UVK-Verl.-Ges.},
 isbn = {9783825227128},
 series = {{U}{T}{B} {W}irtschaftswissenschaften},
 note = {Dijkstra anschaulich in Abschnitt 2.2.1}
}


@book{Domschke.2007,
 author = {Domschke, Wolfgang},
 year = {2007},
 title = {{T}ransport: {G}rundlagen, lineare {T}ransport- und {U}mladeprobleme},
 price = {EUR 34.80},
 keywords = {Transportproblem / Transportlogistik / Theorie;Lehrbuch -- Textbook;Distributionslogistik;Operations Research;Transport;Automated number plate recognition, route choice, travel time, through traffic.;Relevant},
 address = {München},
 edition = {5., überarb. Aufl.},
 volume = {Bd. 1},
 publisher = {Oldenbourg},
 isbn = {9783486582901},
 series = {{O}ldenbourgs {L}ehr- und {H}andbücher der {W}irtschafts- und {S}ozialwissenschaften},
 note = {Dijkstra in Abschnitt 4.3.3.}
}


@book{Domschke.2005,
 author = {Domschke, Wolfgang},
 year = {2005},
 title = {{E}inführung in {O}perations {R}esearch},
 keywords = {Operations Research;Lehrbuch;Operations Research / Theorie;Deutschland;Angebotsqualität;Nicht Diss},
 address = {Berlin},
 volume = {6., überarb. und erw. Aufl.},
 publisher = {Springer},
 isbn = {3540234314},
 note = {Dijkstra ab S. 66}
}


@book{Arnold.2005,
 author = {Arnold, Dieter and Furmans, Kai},
 year = {2007},
 title = {{M}aterialfluss in {L}ogistiksystemen},
 keywords = {Construction Management;Engineering;Engineering Economics, Organization, Logistics, Marketing;Manufacturing, Machines, Tools;Organization/Planning;Production/Logistics;Engineering economy;Machinery;Business planning;Business logistics;Materialfluss;Materialwirtschaft / Logistik / Materialfluss / Logistik-Informationssystem / Theorie;Angebotsqualität;Nicht Diss},
 address = {Berlin{,} Heidelberg},
 edition = {5., erweiterte Auflage.},
 publisher = {Springer-Verlag Berlin Heidelberg},
 isbn = {978-3540456599},
 series = {{S}pringer-11774},
 note = {Dijkstra ab S. 58ff}
}


@book{Gal.1992.741,
 author = {Gal, Tomas},
 year = {1992},
 title = {{G}raphen und {N}etzwerke, {N}etzplantechnik, {T}ransportprobleme, ganzzahlige {O}ptimierung},
 address = {Berlin},
 volume = {3., durchges. Aufl.},
 publisher = {Springer},
 isbn = {0387552944},
 note = {Dijkstra sehr ausführlich 67f., 147, 213, 224}
}


@book{Furmans.2008,
 author = {Furmans, Kai and Arnold, Dieter},
 year = {2008},
 title = {{H}andbuch {L}ogistik},
 keywords = {Unternehmen;Logistik;Logistik / Transportlogistik / Betriebliches Transportwesen / Materialfluss / Logistik-Informationssystem / Supply Chain Management / Betriebliche Standortwahl / Tourenplanung / Betriebliche Lagerhaltung / Geschäftsprozess / Theorie / Deutschland;Handbuch - Handbook;Automation;Business logistics;Engineering;Engineering economy;Industrial engineering;Automation and Robotics;Construction Management;Engineering Economics, Organization, Logistics, Marketing;Industrial and Production Engineering;Production/Logistics;Handbuch -- Handbook;Angebotsqualität;Nicht Diss},
 address = {Berlin, Heidelberg},
 edition = {3., neu bearb. Aufl.},
 volume = {3., neu bearb. Aufl.},
 publisher = {Springer and Springer-Verlag},
 isbn = {978-3-540-72928-0},
 series = {{S}pringer-11774},
 note = {Dijkstra in Abschnitt 2.2.1.2}
}


@book{Feige.2008,
 author = {Feige, Dieter and Klaus, Peter},
 year = {2008},
 title = {{M}odellbasierte {E}ntscheidungsunterstützung in der {L}ogistik: [mit {E}{U}{S}-{L}ehrsoftware auf {C}{D}-{R}{O}{M}]},
 price = {EUR 65.00},
 keywords = {Unternehmen;Logistikplanung;Entscheidungsunterstützung;Primales Problem, Duales Problem;Simplex;EXCEL;Optimierung},
 address = {Hamburg},
 edition = {10},
 publisher = {DVV Media Group Dt. Verkehrs-Verl.},
 isbn = {978-3-87154-371-5},
 series = {{E}dition {L}ogistik},
 note = {Kürzeste Wege im Netzwerk s. 287 ff.}
}