@book{Kathofer.2008.740,
 author = {Kathöfer, Ulrich and Müller-Funk, Ulrich},
 year = {2008},
 title = {{B}{W}{L}-{C}rash-{K}urs {O}perations {R}esearch},
 price = {EUR 17.90},
 keywords = {Operations Research;Lehrbuch;Graphentheorie;Mathematische Optimierung;Spieltheorie;Theorie;Mobilität;Dijkstra;Transportation},
 address = {Konstanz},
 edition = {2., aktualisierte Aufl.},
 volume = {2712},
 publisher = {UVK-Verl.-Ges.},
 isbn = {9783825227128},
 series = {{U}{T}{B} {W}irtschaftswissenschaften},
 note = {TSP S.14-20 (siehe online)}
}


@book{LutzWestphal.2007.751,
 year = {2007},
 title = {{K}ombinatorische {O}ptimierung erleben: {I}n {S}tudium und {U}nterricht},
 keywords = {Kombinatorische Optimierung;Problemorientiertes Lernen;Aufsatzsammlung;Graphentheorie;mathematics;Mathematics, general;Dijkstra;TSP},
 address = {Wiesbaden},
 publisher = {Frieds. Vieweg \& Sohn Verlag},
 isbn = {9783834891204},
 series = {{S}pringer-11777},
 editor = {Lutz-Westphal, Brigitte},
 note = {als Onlinequelle verfügbar}
}


@book{Neumann.2004,
 author = {Neumann, Klaus and Morlock, Martin},
 year = {2004},
 title = {{O}perations {R}esearch},
 keywords = {Operations Research;Angebotsqualität;Nicht Diss;Primales Problem, Duales Problem;Mobilität;Dijkstra;Andler;Transportation},
 address = {München},
 edition = {2. Aufl., [Nachdr.]},
 publisher = {Hanser},
 isbn = {3-446-22140-9},
 note = {TSP unter Stichwort Rundreise zu finden.}
}


@book{Feige.2008,
 author = {Feige, Dieter and Klaus, Peter},
 year = {2008},
 title = {{M}odellbasierte {E}ntscheidungsunterstützung in der {L}ogistik: [mit {E}{U}{S}-{L}ehrsoftware auf {C}{D}-{R}{O}{M}]},
 price = {EUR 65.00},
 keywords = {Unternehmen;Logistikplanung;Entscheidungsunterstützung;Primales Problem, Duales Problem;Simplex;EXCEL;Optimierung;Mobilität;Dijkstra},
 address = {Hamburg},
 edition = {10},
 publisher = {DVV Media Group Dt. Verkehrs-Verl.},
 isbn = {978-3-87154-371-5},
 series = {{E}dition {L}ogistik},
 note = {further Reading - EUS-Software im Buch}
}


@book{Domschke.1997,
 author = {Domschke, Wolfgang},
 year = {1997},
 title = {{L}ogistik: {R}undreisen und {T}ouren},
 price = {DM 54.80},
 keywords = {Automated number plate recognition, route choice, travel time, through traffic.;Relevant},
 address = {München},
 edition = {4., völlig neu bearb. und erw. Aufl.},
 volume = {2},
 publisher = {Oldenbourg},
 isbn = {3486242733},
 note = {als Onlinequelle verfügbar}
}


@book{Domschke.2005,
 author = {Domschke, Wolfgang},
 year = {2005},
 title = {{E}inführung in {O}perations {R}esearch},
 keywords = {Operations Research;Lehrbuch;Operations Research / Theorie;Deutschland;Angebotsqualität;Nicht Diss;Mobilität;Dijkstra;Transportation},
 address = {Berlin},
 volume = {6., überarb. und erw. Aufl.},
 publisher = {Springer},
 isbn = {3540234314},
 note = {Als eBook verfügbar}
}


@book{Durr.1992.750,
 author = {Dürr, Walter and Kleibohm, Klaus},
 year = {1992},
 title = {{O}perations-{R}esearch: {L}ineare {M}odelle und ihre {A}nwendungen},
 keywords = {Operations Research;Theorie},
 address = {München},
 edition = {3., vollst. durchges. und verb. Aufl.},
 publisher = {Hanser},
 isbn = {3446173358},
 series = {{S}tudienbücher der {W}irtschaft},
 note = {als Onlinequelle verfügbar}
}